
@misc{noauthor_metodos_2014,
	title = {Métodos para compactación de suelos},
	url = {http://ingenieriareal.com/metodos-para-compactacion-de-suelos/},
	abstract = {La compactación se logra utilizando una maquina pesada, cuyo peso comprime las partículas del suelo, sin necesidad de movimiento vibratorio. Rodillo estático.},
	urldate = {2017-09-10},
	journal = {Ingeniería Real},
	month = jul,
	year = {2014},
	file = {Snapshot:files/5/metodos-para-compactacion-de-suelos.html:text/html}
}

@misc{ofinalca/santa_teresa_del_tuy_compactacion_nodate,
	type = {Educación},
	title = {{COMPACTACION} {DE} {SUELOS}},
	url = {https://es.slideshare.net/wlopezalmarza/compactacion-de-suelos},
	urldate = {2017-09-10},
	author = {Ofinalca/Santa Teresa del Tuy}
}

@misc{noauthor_atlas_nodate,
	title = {Atlas de {Petrología} {Sedimentaria} - {Rocas} carbonáticas - {Diagénesis} - {Compactación}},
	url = {https://pendientedemigracion.ucm.es/info/petrosed/rc/dia/ejemplos_co.html},
	urldate = {2017-09-10},
	file = {Atlas de Petrología Sedimentaria - Rocas carbonáticas - Diagénesis - Compactación:files/8/ejemplos_co.html:text/html}
}

@misc{noauthor_arduino_nodate,
	title = {Arduino {Mega} 2560 {Rev}3},
	url = {https://store.arduino.cc/arduino-mega-2560-rev3},
	urldate = {2017-09-10},
	file = {Arduino Mega 2560 Rev3:files/14/arduino-mega-2560-rev3.html:text/html}
}

@misc{noauthor_arduino_nodate-1,
	title = {Arduino - {Home}},
	url = {https://www.arduino.cc/},
	urldate = {2017-09-10},
	file = {Arduino - Home:files/16/www.arduino.cc.html:text/html}
}

@misc{jjtorres_hardware_2014,
	title = {Hardware para novatos ({VII}): {Arduino} ¿qué es y cómo funciona?},
	shorttitle = {Hardware para novatos ({VII})},
	url = {https://hipertextual.com/archivo/2014/03/hardware-novatos-arduino/},
	abstract = {Por aquí bastante fanáticos de Arduino, y ha llegado el tiempo de detallar un poco más de qué va este sistema de hardware libre.},
	urldate = {2017-09-10},
	journal = {Hipertextual},
	author = {jjtorres},
	month = mar,
	year = {2014},
	file = {Snapshot:files/18/hardware-novatos-arduino.html:text/html}
}