
@article{drude_zur_1900,
	title = {Zur {Elektronentheorie} der {Metalle}},
	volume = {306},
	issn = {1521-3889},
	url = {http://dx.doi.org/10.1002/andp.19003060312},
	doi = {10.1002/andp.19003060312},
	number = {3},
	journal = {Annalen der Physik},
	author = {Drude, P.},
	year = {1900},
	pages = {566--613}
}

@phdthesis{solis_advanced_2014,
	address = {Spain},
	type = {{PhD} {Thesis}},
	title = {Advanced {Methods} on {Computational} {Electromagnetics} and their {Application} to the {Study} of {Plasmonics} and {Metamaterials}},
	school = {Universidade de Vigo},
	author = {Solís, Diego Martínez},
	year = {2014}
}

@article{mie_beitrage_1908,
	title = {Beiträge zur {Optik} trüber {Medien}, speziell kolloidaler {Metallösungen}},
	volume = {330},
	issn = {1521-3889},
	url = {http://dx.doi.org/10.1002/andp.19083300302},
	doi = {10.1002/andp.19083300302},
	number = {3},
	journal = {Annalen der Physik},
	author = {Mie, Gustav},
	year = {1908},
	pages = {377--445}
}

@article{gans_uber_1912,
	title = {Über die {Form} ultramikroskopischer {Goldteilchen}},
	volume = {342},
	issn = {1521-3889},
	url = {http://dx.doi.org/10.1002/andp.19123420503},
	doi = {10.1002/andp.19123420503},
	number = {5},
	journal = {Annalen der Physik},
	author = {Gans, R.},
	year = {1912},
	pages = {881--900}
}

@book{bohren_absorption_1983,
	series = {Wiley science paperback series},
	title = {Absorption and scattering of light by small particles},
	isbn = {978-0-471-29340-8},
	url = {https://books.google.es/books?id=S1RCZ8BjgN0C},
	publisher = {Wiley},
	author = {Bohren, Craig F. and Huffman, D.R.},
	year = {1983},
	lccn = {lc82020312}
}

@article{johnson_optical_1972,
	title = {Optical {Constants} of the {Noble} {Metals}},
	volume = {6},
	url = {http://link.aps.org/doi/10.1103/PhysRevB.6.4370},
	doi = {10.1103/PhysRevB.6.4370},
	number = {12},
	journal = {Phys. Rev. B},
	author = {Johnson, P. B. and Christy, R. W.},
	month = dec,
	year = {1972},
	pages = {4370--4379}
}

@book{born_principles_1999,
	edition = {7},
	title = {Principles of {Optics}},
	publisher = {Cambridge University Press},
	author = {Born, M and Wolf, E},
	year = {1999}
}

@book{ritchie_plasma_2003,
	title = {Plasma {Losses} by {Fast} {Electrons} in {Thin} {Films}},
	volume = {106},
	url = {http://link.aps.org/doi/10.1103/PhysRev.106.874},
	publisher = {American Physical Society},
	author = {Ritchie, R. H.},
	month = jun,
	year = {2003},
	doi = {10.1103/PhysRev.106.874}
}

@book{raether_surface_1988,
	series = {Springer tracts in modern physics},
	title = {Surface plasmons on smooth and rough surfaces and on gratings},
	isbn = {978-3-540-17363-2},
	url = {https://books.google.es/books?id=ZLwrAAAAYAAJ},
	number = {v. 111},
	publisher = {Springer},
	author = {Raether, H.},
	year = {1988},
	lccn = {86031514}
}

@article{barnes_surface_2003,
	title = {Surface plasmon subwavelength optics},
	volume = {424},
	issn = {0028-0836},
	url = {http://dx.doi.org/10.1038/nature01937},
	doi = {10.1038/nature01937},
	number = {6950},
	journal = {Nature},
	author = {Barnes, William L. and Dereux, Alain and Ebbesen, Thomas W.},
	month = aug,
	year = {2003},
	pages = {824--830}
}

@article{zayats_nano-optics_2005,
	title = {Nano-optics of surface plasmon polaritons},
	volume = {408},
	issn = {0370-1573},
	url = {http://www.sciencedirect.com/science/article/pii/S0370157304004600},
	doi = {http://dx.doi.org/10.1016/j.physrep.2004.11.001},
	number = {3–4},
	journal = {Physics Reports},
	author = {Zayats, Anatoly V. and Smolyaninov, Igor I. and Maradudin, Alexei A.},
	year = {2005},
	keywords = {Nano-optics},
	pages = {131 -- 314}
}

@article{ozbay_plasmonics:_2006,
	title = {Plasmonics: {Merging} {Photonics} and {Electronics} at {Nanoscale} {Dimensions}},
	volume = {311},
	issn = {0036-8075},
	url = {http://science.sciencemag.org/content/311/5758/189},
	doi = {10.1126/science.1114849},
	number = {5758},
	journal = {Science},
	author = {Ozbay, Ekmel},
	year = {2006},
	pages = {189--193}
}

@article{maier_plasmonics:_2006,
	title = {Plasmonics: {Metal} {Nanostructures} for {Subwavelength} {Photonic} {Devices}},
	volume = {12},
	issn = {1077-260X},
	doi = {10.1109/JSTQE.2006.879582},
	number = {6},
	journal = {IEEE Journal of Selected Topics in Quantum Electronics},
	author = {Maier, S. A.},
	month = nov,
	year = {2006},
	keywords = {1.5 mum, dielectric microcavities, Dielectrics, Electromagnetic waveguides, metal nanostructures, Metal-insulator structures, metal/insulator/metal-gap waveguides, metallic nanocavities, micro-optics, microcavities, MIM structures, nanoparticles, Nanophotonics, nanoresonators, Nanostructures, nanotechnology, Optical attenuators, Optical surface waves, Optical waveguide components, optical waveguides, Optical waveguides, optoelectronics, plasmonics, Plasmons, polariton, subwavelength photonic devices, surface plasmon, surface plasmons, Waveguide discontinuities},
	pages = {1214--1220}
}

@book{maier_plasmonics:_2007,
	title = {Plasmonics: fundamentals and applications},
	publisher = {Springer Science \& Business Media},
	author = {Maier, Stefan Alexander},
	year = {2007},
	doi = {10.1007/0-387-37825-1}
}

@article{yee_numerical_1966,
	title = {Numerical solution of initial boundary value problems involving maxwell's equations in isotropic media},
	volume = {14},
	issn = {0018-926X},
	doi = {10.1109/TAP.1966.1138693},
	number = {3},
	journal = {IEEE Transactions on Antennas and Propagation},
	author = {Yee, Kane},
	month = may,
	year = {1966},
	pages = {302--307}
}

@article{taflove_numerical_1980,
	title = {Numerical solution of initial boundary value problems involving maxwell's equations in isotropic media},
	journal = {IEEE Trans. Antennas Propag.},
	author = {Taflove, A.},
	year = {1980}
}

@article{taflove_computational_2005,
	title = {Computational {Electrodynamics}: {The} {Finite}-{Difference} {Time}-{Domain} {Method}},
	journal = {IEEE Trans. Antennas Propag.},
	author = {Taflove, A.;Hagness, S},
	year = {2005}
}

@article{purcell_scattering_1973,
	title = {Scattering and {Absorption} of {Light} by {Nonspherical} {Dielectric} {Grain}},
	volume = {186},
	doi = {10.1086/152538},
	journal = {Astrophys. J},
	author = {Purcell, E. M.and Pennypacker, C.R},
	month = dec,
	year = {1973},
	pages = {705--714}
}

@article{draine_discrete-dipole_1994,
	title = {Discrete-{Dipole} {Approximation} {For} {Scattering} {Calculations}},
	volume = {11},
	url = {http://josaa.osa.org/abstract.cfm?URI=josaa-11-4-1491},
	doi = {10.1364/JOSAA.11.001491},
	number = {4},
	journal = {J. Opt. Soc. Am. A},
	author = {Draine, Bruce T. and Flatau, Piotr J.},
	month = apr,
	year = {1994},
	pages = {1491--1499}
}

@article{kottmann_field_2000,
	title = {Field polarization and polarization charge distributions in plasmon resonant nanoparticles},
	volume = {2},
	url = {http://stacks.iop.org/1367-2630/2/i=1/a=327},
	number = {1},
	journal = {New Journal of Physics},
	author = {Kottmann, J. P. and Martin, O. J. F. and Smith, David R. and Schultz, Sheldon},
	year = {2000},
	pages = {27}
}

@article{shuford_substrate_2007,
	title = {Substrate effects on surface plasmons in single nanoholes},
	volume = {435},
	issn = {0009-2614},
	url = {http://www.sciencedirect.com/science/article/pii/S0009261406018732},
	doi = {http://dx.doi.org/10.1016/j.cplett.2006.12.062},
	number = {1–3},
	journal = {Chemical Physics Letters},
	author = {Shuford, Kevin L. and Gray, Stephen K. and Ratner, Mark A. and Schatz, George C.},
	year = {2007},
	pages = {123 -- 126}
}

@article{hohenester_surface_2005,
	title = {Surface plasmon resonances of single and coupled metallic nanoparticles: {A} boundary integral method approach},
	volume = {72},
	url = {http://link.aps.org/doi/10.1103/PhysRevB.72.195429},
	doi = {10.1103/PhysRevB.72.195429},
	number = {19},
	journal = {Phys. Rev. B},
	author = {Hohenester, Ulrich and Krenn, Joachim},
	month = nov,
	year = {2005},
	pages = {195429}
}

@article{evlyukhin_point-dipole_2005,
	title = {Point-dipole approximation for surface plasmon polariton scattering: {Implications} and limitations},
	volume = {71},
	url = {http://link.aps.org/doi/10.1103/PhysRevB.71.134304},
	doi = {10.1103/PhysRevB.71.134304},
	number = {13},
	journal = {Phys. Rev. B},
	author = {Evlyukhin, A. B. and Bozhevolnyi, S. I.},
	month = apr,
	year = {2005},
	pages = {134304}
}

@article{aizpurua_optical_2005,
	title = {Optical properties of coupled metallic nanorods for field-enhanced spectroscopy},
	volume = {71},
	url = {http://link.aps.org/doi/10.1103/PhysRevB.71.235420},
	doi = {10.1103/PhysRevB.71.235420},
	number = {23},
	journal = {Phys. Rev. B},
	author = {Aizpurua, J. and Bryant, Garnett W. and Richter, Lee J. and García de Abajo, F. J. and Kelley, Brian K. and Mallouk, T.},
	month = jun,
	year = {2005},
	pages = {235420}
}

@article{giannini_calculations_2007,
	title = {Calculations of light scattering from isolated and interacting metallic nanowires of arbitrary cross section by means of {Green}'s theorem surface integral equations in parametric form},
	volume = {24},
	url = {http://josaa.osa.org/abstract.cfm?URI=josaa-24-9-2822},
	doi = {10.1364/JOSAA.24.002822},
	number = {9},
	journal = {J. Opt. Soc. Am. A},
	author = {Giannini, Vincenzo and Sánchez-Gil, Jose A.},
	month = sep,
	year = {2007},
	keywords = {particles, Scattering, Surface plasmons},
	pages = {2822--2830}
}

@article{myroshnychenko_modelling_2008,
	title = {Modelling the optical response of gold nanoparticles},
	volume = {37},
	url = {http://dx.doi.org/10.1039/B711486A},
	doi = {10.1039/B711486A},
	number = {9},
	journal = {Chem. Soc. Rev.},
	author = {Myroshnychenko, Viktor and Rodriguez-Fernandez, Jessica and Pastoriza-Santos, Isabel and Funston, Alison M. and Novo, Carolina and Mulvaney, Paul and Liz-Marzan, Luis M. and Garcia de Abajo, F. Javier},
	year = {2008}
}

@article{solis_toward_2014,
	title = {Toward {Ultimate} {Nanoplasmonics} {Modeling}},
	volume = {8},
	url = {http://dx.doi.org/10.1021/nn5037703},
	doi = {10.1021/nn5037703},
	number = {8},
	journal = {ACS Nano},
	author = {Solís, Diego M. and Taboada, José M. and Obelleiro, Fernando and Liz-Marzán, Luis M. and Abajo, F. Javier García de},
	year = {2014},
	pmid = {25077678},
	pages = {7559--7570}
}

@article{schlucker_surface-enhanced_2014,
	title = {Surface-{Enhanced} {Raman} {Spectroscopy}: {Concepts} and {Chemical} {Applications}},
	volume = {53},
	issn = {1521-3773},
	url = {http://dx.doi.org/10.1002/anie.201205748},
	doi = {10.1002/anie.201205748},
	number = {19},
	journal = {Angewandte Chemie International Edition},
	author = {Schlücker, Sebastian},
	year = {2014},
	keywords = {plasmonics, Raman spectroscopy, SERS, spectroscopic methods, surfaces},
	pages = {4756--4795}
}

@article{moskovits_surface-enhanced_2005,
	title = {Surface-enhanced {Raman} spectroscopy: a brief retrospective},
	volume = {36},
	issn = {1097-4555},
	url = {http://dx.doi.org/10.1002/jrs.1362},
	doi = {10.1002/jrs.1362},
	number = {6-7},
	journal = {Journal of Raman Spectroscopy},
	author = {Moskovits, Martin},
	year = {2005},
	keywords = {SERS, nanostructured metal, surface spectroscopy, surface-enhanced Raman},
	pages = {485--496}
}

@book{ru_principles_2009,
	title = {Principles of {Surface}-{Enhanced} {Raman} {Spectroscopy}: {And} {Related} {Plasmonic} {Effects}},
	isbn = {978-0-444-52779-0},
	url = {https://books.google.es/books?id=r-wdlQEACAAJ},
	publisher = {Elsevier Science \& Technology Books},
	author = {Ru, E.C.L. and Etchegoin, P.G.},
	year = {2009},
	lccn = {2012360889}
}

@article{smith_practical_2008,
	title = {Practical understanding and use of surface enhanced {Raman} scattering/surface enhanced resonance {Raman} scattering in chemical and biological analysis},
	volume = {37},
	url = {http://dx.doi.org/10.1039/B708841H},
	doi = {10.1039/B708841H},
	number = {5},
	journal = {Chem. Soc. Rev.},
	author = {Smith, W. E.},
	year = {2008},
	pages = {955--964}
}

@article{bell_quantitative_2008,
	title = {Quantitative surface-enhanced {Raman} spectroscopy},
	volume = {37},
	url = {http://dx.doi.org/10.1039/B705965P},
	doi = {10.1039/B705965P},
	number = {5},
	journal = {Chem. Soc. Rev.},
	author = {Bell, Steven E. J. and Sirimuthu, Narayana M. S.},
	year = {2008},
	pages = {1012--1024}
}

@article{willets_localized_2007,
	title = {Localized {Surface} {Plasmon} {Resonance} {Spectroscopy} and {Sensing}},
	volume = {58},
	url = {http://dx.doi.org/10.1146/annurev.physchem.58.032806.104607},
	doi = {10.1146/annurev.physchem.58.032806.104607},
	number = {1},
	journal = {Annual Review of Physical Chemistry},
	author = {Willets, Katherine A. and Duyne, Richard P. Van},
	year = {2007},
	pmid = {17067281},
	pages = {267--297}
}

@article{huh_surface_2009,
	title = {Surface enhanced {Raman} spectroscopy and its application to molecular and cellular analysis},
	volume = {6},
	issn = {1613-4990},
	url = {http://dx.doi.org/10.1007/s10404-008-0392-3},
	doi = {10.1007/s10404-008-0392-3},
	number = {3},
	journal = {Microfluidics and Nanofluidics},
	author = {Huh, Yun Suk Chung and Aram J. Erickson, David"},
	year = {2009},
	pages = {285--297}
}

@book{harrington_field_1993,
	title = {Field {Computation} by {Moment} {Methods}},
	isbn = {0-7803-1014-4},
	publisher = {Wiley-IEEE Press},
	author = {Harrington, Roger F.},
	year = {1993}
}

@phdthesis{rivero_electromagnetismo_2012,
	address = {Spain},
	type = {{PhD} {Thesis}},
	title = {Electromagnétismo {Computacional} {Avanzado} para {Materiales} {Artificiales} y {Nanoestructuras} {Plasmónicas}},
	school = {Universidad de Extremadura},
	author = {Rivero, Francisco Javier},
	year = {2012}
}

@phdthesis{martin_diseno_2013,
	address = {Spain},
	type = {{PhD} {Thesis}},
	title = {Diseño de {Pociones} de {Invisibilidad} {Mediante} {Supercomputación}},
	school = {Universidad de Extremadura},
	author = {Martín, Alberto Serna},
	year = {2013}
}

@phdthesis{taboada_estudio_2001,
	address = {Spain},
	type = {{PhD} {Thesis}},
	title = {Estudio de {Compatibilidad} {Electromagnética} e {Interferencias} en {Sistemas} {Radiantes} a {Bordo} de {Estructuras} {Complejas}},
	school = {Universidade de Vigo},
	author = {Taboada, José Manuel},
	year = {2001}
}

@phdthesis{rivero_electromagnetismo_2012-1,
	address = {Spain},
	type = {{PhD} {Thesis}},
	title = {Electromagnétismo {Computacional} {Avanzado} para {Materiales} {Artificiales} y {Nanoestructuras} {Plasmónicas}},
	school = {Universidad de Extremadura},
	author = {Rivero, Francisco Javier},
	year = {2012}
}

@article{rivero_surface_2010,
	title = {Surface integral equation formulation for the analysis of left-handed metamaterials},
	volume = {18},
	url = {http://www.opticsexpress.org/abstract.cfm?URI=oe-18-15-15876},
	doi = {10.1364/OE.18.015876},
	number = {15},
	journal = {Opt. Express},
	author = {Rivero, J. and Taboada, J. M. and Landesa, L. and Obelleiro, F. and García-Tuñón, I.},
	month = jul,
	year = {2010},
	keywords = {Electromagnetic optics, Left-handed materials, Metamaterials},
	pages = {15876--15886}
}

@article{araujo_comparison_2012,
	title = {Comparison of surface integral equation formulations for electromagnetic analysis of plasmonic nanoscatterers},
	volume = {20},
	url = {http://www.opticsexpress.org/abstract.cfm?URI=oe-20-8-9161},
	doi = {10.1364/OE.20.009161},
	number = {8},
	journal = {Opt. Express},
	author = {Araújo, M. G. and Taboada, J. M. and Solís, D. M. and Rivero, J. and Landesa, L. and Obelleiro, F.},
	month = apr,
	year = {2012},
	keywords = {Surface plasmons, Electromagnetic optics, Extinction, Metal optics},
	pages = {9161--9171}
}

@article{taboada_method--moments_2011,
	title = {Method-of-moments formulation for the analysis of plasmonic nano-optical antennas},
	volume = {28},
	url = {http://josaa.osa.org/abstract.cfm?URI=josaa-28-7-1341},
	doi = {10.1364/JOSAA.28.001341},
	number = {7},
	journal = {J. Opt. Soc. Am. A},
	author = {Taboada, José M. and Rivero, Javier and Obelleiro, Fernando and Araújo, Marta G. and Landesa, Luis},
	month = jul,
	year = {2011},
	keywords = {Surface plasmons, Electromagnetic optics, Metal optics, Nanophotonics and photonic crystals},
	pages = {1341--1348}
}

@article{araujo_comparison_2012-1,
	title = {Comparison of surface integral equation formulations for electromagnetic analysis of plasmonic nanoscatterers},
	volume = {20},
	url = {http://www.opticsexpress.org/abstract.cfm?URI=oe-20-8-9161},
	doi = {10.1364/OE.20.009161},
	number = {8},
	journal = {Opt. Express},
	author = {Araújo, M. G. and Taboada, J. M. and Solís, D. M. and Rivero, J. and Landesa, L. and Obelleiro, F.},
	month = apr,
	year = {2012},
	keywords = {Surface plasmons, Electromagnetic optics, Extinction, Metal optics},
	pages = {9161--9171}
}

@article{araujo_solution_2012,
	title = {Solution of large-scale plasmonic problems with the multilevel fast multipole algorithm},
	volume = {37},
	url = {http://ol.osa.org/abstract.cfm?URI=ol-37-3-416},
	doi = {10.1364/OL.37.000416},
	number = {3},
	journal = {Opt. Lett.},
	author = {Araújo, M. G. and Taboada, J. M. and Rivero, J. and Solís, D. M. and Obelleiro, F.},
	month = feb,
	year = {2012},
	keywords = {Electromagnetic optics, Extinction, Metal optics, Numerical approximation and analysis},
	pages = {416--418}
}

@article{landesa_improving_2012,
	title = {Improving condition number and convergence of the surface integral-equation method of moments for penetrable bodies},
	volume = {20},
	url = {http://www.opticsexpress.org/abstract.cfm?URI=oe-20-15-17237},
	doi = {10.1364/OE.20.017237},
	number = {15},
	journal = {Opt. Express},
	author = {Landesa, Luis and Araújo, Marta Gómez and Taboada, José Manuel and Bote, Luis and Obelleiro, Fernando},
	month = jul,
	year = {2012},
	keywords = {Electromagnetic optics, Numerical approximation and analysis, Electro-optical materials},
	pages = {17237--17249}
}

@article{landesa_surface_2013,
	title = {Surface {Integral} {Equation} methods in nanophotonics},
	journal = {URSIEMTS Invited paper},
	author = {Landesa, L and Taboada, JM and Solís, DM and Rivero, J and Bote, L and Araújo, MG and Obelleiro, F},
	year = {2013}
}

@article{chen_fast_2008,
	title = {Fast and accurate radar cross-section computation over a broad frequency band using the best uniform rational approximation},
	volume = {2},
	issn = {1751-8725},
	doi = {10.1049/iet-map:20070155},
	number = {2},
	journal = {IET Microwaves, Antennas Propagation},
	author = {Chen, M. S. and Wu, X. L. and Sha, W. and Huang, Z. X.},
	month = mar,
	year = {2008},
	keywords = {arbitrarily shaped three-dimensional body, best uniform rational approximation function, broad frequency band, Chebyshev approximation, Chebyshev node, integral equations, Maehly approximation, method of moments, radar cross-section computation, radar cross-sections, rational functions, surface integral equation},
	pages = {200--204}
}

@inproceedings{serna_electromagnetic_2016,
	title = {Electromagnetic {Analysis} of {Periodic} {Structures} with {slotFFT} {Algorithm}},
	publisher = {European Conference on Antennas and Propagation},
	author = {Serna, A. and Manzano, M. F. and Landesa, L. and Solis, D. M. and Taboada, J. M.},
	year = {2016}
}

@article{noauthor_notitle_nodate
}

@article{garcia-tunon_efficient_2006,
	title = {Efficient asymptotic-phase modeling of the induced currents in the fast multipole method},
	volume = {48},
	issn = {1098-2760},
	url = {http://dx.doi.org/10.1002/mop.21698},
	doi = {10.1002/mop.21698},
	number = {8},
	journal = {Microwave and Optical Technology Letters},
	author = {García-Tuñón, I. and Taboada, J. M. and Rodríguez, J. L. and Obelleiro, F. and Landesa, L.},
	year = {2006},
	keywords = {method of moments, asymptotic methods, fast multipole method, numerical techniques, phasefront extraction}
}

@article{rodriguez_use_2008,
	title = {On the {Use} of the {Singular} {Value} {Decomposition} in the {Fast} {Multipole} {Method}},
	volume = {56},
	issn = {0018-926X},
	doi = {10.1109/TAP.2008.926761},
	number = {8},
	journal = {IEEE Transactions on Antennas and Propagation},
	author = {Rodriguez, J. L. and Taboada, J. M. and Araujo, M. G. and Basteiro, F. Obelleiro and Landesa, L. and Garcia-Tunon, I.},
	month = aug,
	year = {2008},
	keywords = {fast multipole method, Electromagnetic analysis, Electromagnetic compatibility, Electromagnetic radiation, Electromagnetic scattering, electromagnetic waves, Equations, fast solvers, Frequency, matrix algebra, matrix compression, Matrix decomposition, method of momoents (MoM), orthonormal singular basis functions, plane wave FMM aggregation matrices, Radar cross section, radar cross section (RCS), Radar scattering, singular value decomposition, Singular value decomposition, singular value decomposition (SVD)},
	pages = {2325--2334}
}

@article{mourino_high_2009,
	title = {High scalability multipole method. {Solving} half billion of unknowns},
	volume = {23},
	issn = {1865-2042},
	url = {http://dx.doi.org/10.1007/s00450-009-0075-7},
	doi = {10.1007/s00450-009-0075-7},
	abstract = {Large electromagnetic simulations are needed for improvement of design in industry. Up to now, the previous limits in the scalability of the available codes were an important barrier. In this work, an efficient parallel implementation of the fast multipole method (FMM) combined with the fast Fourier transform (FFT) is presented. The good scalability of the parallel FMM-FFT, combined with some performance improvements, has shown to be very effective when using large parallel high performance supercomputers. A challenging problem with more than 0.5 billion unknowns has been solved in the Finis Terrae Supercomputer recently. This is the largest problem analyzed in computational electromagnetics to date, which confirms that the proposed implementation of the FMM-FFT constitutes a very interesting alternative to the more frequently used multilevel FMM algorithm (MLFMA).},
	number = {3},
	journal = {Computer Science - Research and Development},
	author = {Mouriño, J. C. and Gómez, A. and Taboada, J. M. and Landesa, L. and Bértolo, J. M. and Obelleiro, F. and Rodríguez, J. L.},
	year = {2009},
	pages = {169--175}
}

@article{taboada_mlfma-fft_2010,
	title = {Mlfma-fft parallel algorithm for the solution of large-scale problems in electromagnetic},
	volume = {105},
	author = {Taboada, J. M. and Araújo, M. G. and Bertolo, J. M. and Landesa, L. and Rodríguez, F. O. J. L.},
	year = {2010},
	pages = {15--30}
}

@book{landesa_hemcuve++_2007,
	title = {Hemcuve++},
	author = {Landesa, L. and J. M. Taboada},
	year = {2007}
}

@book{vigo_hemcuve++_2010,
	title = {Hemcuve++},
	author = {Vigo, G. S. de la Universidade de},
	year = {2010}
}

@inproceedings{noauthor_notitle_nodate-1
}

@misc{noauthor_entradas_nodate,
	title = {Entradas {Analógicas} {\textbar} {Aprendiendo} {Arduino}},
	url = {https://aprendiendoarduino.wordpress.com/tag/entradas-analogicas/},
	abstract = {Entradas sobre Entradas Analógicas escritas por jecrespom},
	language = {es-ES},
	urldate = {2018-07-07},
	file = {Snapshot:files/209/entradas-analogicas.html:text/html}
}