
@book{noauthor_metodos_2014,
	title = {Métodos para compactación de suelos},
	url = {http://ingenieriareal.com/metodos-para-compactacion-de-suelos/},
	abstract = {La compactación se logra utilizando una maquina pesada, cuyo peso comprime las partículas del suelo, sin necesidad de movimiento vibratorio. Rodillo estático.},
	urldate = {2017-09-10},
	month = jul,
	year = {2014}
}

@book{tuy_compactacion_nodate,
	title = {{COMPACTACION} {DE} {SUELOS}},
	url = {https://es.slideshare.net/wlopezalmarza/compactacion-de-suelos},
	urldate = {2017-09-10},
	author = {Tuy, Ofinalca/Santa Teresa del}
}

@book{noauthor_atlas_nodate,
	title = {Atlas de {Petrología} {Sedimentaria} - {Rocas} carbonáticas - {Diagénesis} - {Compactación}},
	url = {https://pendientedemigracion.ucm.es/info/petrosed/rc/dia/ejemplos_co.html},
	urldate = {2017-09-10}
}

@book{noauthor_arduino_nodate,
	title = {Arduino - {Reference}},
	url = {https://www.arduino.cc/en/Reference/HomePage},
	urldate = {2017-09-10}
}

@book{arduino_mega,
	title = {Arduino {Mega} 2560 {Rev}3},
	url = {https://store.arduino.cc/arduino-mega-2560-rev3},
	urldate = {2017-09-10}
}

@book{noauthor_arduino_nodate-2,
	title = {Arduino - {Home}},
	url = {https://www.arduino.cc/},
	urldate = {2017-09-10}
}

@book{jjtorres_hardware_2014,
	title = {Hardware para novatos ({VII}): {Arduino} ¿qué es y cómo funciona?},
	shorttitle = {Hardware para novatos ({VII})},
	url = {https://hipertextual.com/archivo/2014/03/hardware-novatos-arduino/},
	abstract = {Por aquí bastante fanáticos de Arduino, y ha llegado el tiempo de detallar un poco más de qué va este sistema de hardware libre.},
	urldate = {2017-09-10},
	author = {{jjtorres}},
	month = mar,
	year = {2014}
}

@book{ltd_linux_nodate,
	title = {Linux and {Android} {Application} {Development} – {Arm}},
	url = {https://www.arm.com/products/development-tools/linux-and-android},
	abstract = {With DS-5, Android and Linux platform development, board bring-up and OS porting have never been easier.},
	urldate = {2017-09-10},
	author = {Ltd, Arm}
}

@book{arm,
	title = {Leadership – {Arm}},
	url = {https://www.arm.com/company/leadership},
	abstract = {Arm Leadership},
	urldate = {2017-09-10},
	author = {Ltd, Arm}
}

@book{arm_architecture,
	title = {A-{Profile} {Architectures}},
	url = {https://developer.arm.com/products/architecture/a-profile},
	abstract = {Background information on the Architecture (‘A’) profile for high performance markets such as mobile and enterprise.},
	urldate = {2017-09-10},
	author = {Ltd, Arm}
}

@book{information_system,
	title = {Chapter 1: {What} {Is} an {Information} {System}? {\textbackslash}textbackslashtextbar {Information} {Systems} for {Business} and {Beyond}},
	shorttitle = {Chapter 1},
	url = {https://bus206.pressbooks.com/chapter/chapter-1/},
	urldate = {2017-09-10}
}

@book{information_system_architecture,
	title = {Information system},
	copyright = {Creative Commons Attribution-ShareAlike License},
	url = {https://en.wikipedia.org/w/index.php?title=Information_system&oldid=799396631},
	abstract = {An information system (IS) is an organized system for the collection, organization, storage and communication of information. More specifically, it is the study of complementary networks that people and organizations use to collect, filter, process, create and distribute data. "An information system (IS) is a group of components that interact to produce information." A computer information system is a system composed of people and computers that processes or interprets information. The term is also sometimes used in more restricted senses to refer to only the software used to run a computerized database or to refer to only a computer system. Information Systems is an academic study of systems with a specific reference to information and the complementary networks of hardware and software that people and organizations use to collect, filter, process, create and also distribute data. An emphasis is placed on an information system having a definitive boundary, users, processors, storage, inputs, outputs and the aforementioned communication networks. Any specific information system aims to support operations, management and decision-making. An information system is the information and communication technology (ICT) that an organization uses, and also the way in which people interact with this technology in support of business processes. Some authors make a clear distinction between information systems, computer systems, and business processes. Information systems typically include an ICT component but are not purely concerned with ICT, focusing instead on the end use of information technology. Information systems are also different from business processes. Information systems help to control the performance of business processes. Alter argues for advantages of viewing an information system as a special type of work system. A work system is a system in which humans or machines perform processes and activities using resources to produce specific products or services for customers. An information system is a work system whose activities are devoted to capturing, transmitting, storing, retrieving, manipulating and displaying information. As such, information systems inter-relate with data systems on the one hand and activity systems on the other. An information system is a form of communication system in which data represent and are processed as a form of social memory. An information system can also be considered a semi-formal language which supports human decision making and action. Information systems are the primary focus of study for organizational informatics.},
	language = {en},
	urldate = {2017-09-10},
	month = sep,
	year = {2017},
	annote = {Page Version ID: 799396631}
}

@book{que_es_big_data,
	title = {¿{Qué} es {Big} {Data}?},
	copyright = {© Copyright IBM Corporation 2012},
	url = {http://www.ibm.com/developerworks/ssa/local/im/que-es-big-data/index.html},
	abstract = {Debido al gran avance que existe día con día en las tecnologías de información, las organizaciones se han tenido que enfrentar a nuevos desafíos que les permitan analizar, descubrir y entender más allá de lo que sus herramientas tradicionales reportan sobre su información, al mismo tiempo que durante los últimos años el gran crecimiento de las aplicaciones disponibles en internet (geo-referenciamiento, redes sociales, etc.) han sido parte importante en las decisiones de negocio de las empresas. El presente artículo tiene como propósito introducir al lector en el concepto de Big Data y describir algunas características de los componentes principales que constituyen una solución de este tipo.},
	urldate = {2017-09-10},
	month = jun,
	year = {2012}
}

@book{importancia_big_data,
	title = {Big {Data}: ¿{En} qué consiste? {Su} importancia, desafíos y gobernabilidad},
	shorttitle = {Big {Data}},
	url = {http://www.powerdata.es/big-data},
	abstract = {Big Data es un término que describe el gran volumen de datos, tanto estructurados como no estructurados, que inundan los negocios cada día.},
	urldate = {2017-09-10},
	author = {PowerData, Grupo}
}

@book{big_data_applications,
	title = {How {Applications} of {Big} {Data} {Drive} {Industries}},
	url = {https://www.simplilearn.com/big-data-applications-in-industries-article},
	abstract = {How industries like banking, healthcare, education, manufacturing, Insurance, retail, etc. are using big data.},
	urldate = {2017-09-10},
	month = oct,
	year = {2015}
}

@book{que_es_no_sql,
	title = {El concepto {NoSQL}, o cómo almacenar tus datos en una base de datos no relacional},
	url = {https://www.genbetadev.com/bases-de-datos/el-concepto-nosql-o-como-almacenar-tus-datos-en-una-base-de-datos-no-relacional},
	urldate = {2017-09-10}
}

@book{sql_vs_nosql,
	title = {{NoSQL} vs {SQL}: {Principales} diferencias y cuándo elegir cada una de ellas},
	shorttitle = {{NoSQL} vs {SQL}},
	url = {https://blog.pandorafms.org/es/nosql-vs-sql-diferencias-y-cuando-elegir-cada-una/},
	abstract = {NoSQL vs SQL: En este artículo vamos a ver cuándo utilizar qué tipo de base de datos. La diferencia fundamental entre ambos tipos de bases de datos radica},
	urldate = {2017-09-10},
	month = nov,
	year = {2015}
}

@book{nosql_databases,
	title = {{NoSQL} {Databases} {Explained}},
	url = {https://www.mongodb.com/nosql-explained},
	abstract = {NoSQL describes the wide variety of database technologies created to address the shortcomings of RDBMS and the demands of modern software development.},
	urldate = {2017-09-10}
}

@book{arduino_IDE,
	title = {Arduino - {Software}},
	url = {https://www.arduino.cc/en/main/software},
	urldate = {2017-09-10}
}

@book{gestion_mongodb,
	title = {Reinventando la gestión de datos},
	url = {https://www.mongodb.com/es},
	urldate = {2017-09-10}
}

@book{mongodb,
	title = {The {MongoDB} 3.4 {Manual} — {MongoDB} {Manual} 3.4},
	url = {https://docs.mongodb.com/manual/},
	urldate = {2017-09-10}
}

@book{mongodb_manual,
	title = {Query {Documents} — {MongoDB} {Manual} 3.4},
	url = {https://docs.mongodb.com/manual/tutorial/query-documents/},
	abstract = {MongoDB Manual. How do I query documents, query top level fields, perform equality match, query with query operators, specify compound query conditions.},
	urldate = {2017-09-10}
}

@book{pymongo,
	title = {Tutorial — {PyMongo} 3.5.1 documentation},
	url = {http://api.mongodb.com/python/current/tutorial.html},
	urldate = {2017-09-10}
}

@book{pyserial_package,
	title = {pyserial 2.7 : {Python} {Package} {Index}},
	url = {https://pypi.python.org/pypi/pyserial/2.7},
	urldate = {2017-09-10}
}

@book{install_python_modules,
	title = {Installing {Python} {Modules} — {Python} 3.6.2 documentation},
	url = {https://docs.python.org/3/installing/index.html},
	urldate = {2017-09-10}
}

@book{pip,
	title = {pip: {The} {PyPA} recommended tool for installing {Python} packages.},
	copyright = {MIT},
	shorttitle = {pip},
	url = {https://pip.pypa.io/},
	urldate = {2017-09-10},
	author = {developers, The pip},
	keywords = {Software Development - Build Tools}
}

@book{raspberry_pi,
	title = {Products},
	url = {https://www.raspberrypi.org/products/},
	urldate = {2017-09-10}
}

@book{what_is_raspberry_pi,
	title = {Raspberry {Pi}},
	copyright = {Creative Commons Attribution-ShareAlike License},
	url = {https://en.wikipedia.org/w/index.php?title=Raspberry_Pi&oldid=799888948},
	abstract = {The Raspberry Pi is a series of small single-board computers developed in the United Kingdom by the Raspberry Pi Foundation to promote the teaching of basic computer science in schools and in developing countries. The original model became far more popular than anticipated, selling outside of its target market for uses such as robotics. Peripherals (including keyboards, mice and cases) are not included with the Raspberry Pi. Some accessories however have been included in several official and unofficial bundles. According to the Raspberry Pi Foundation, over 5 million Raspberry Pis have been sold before February 2015, making it the best-selling British computer. By November 2016 they had sold 11 million units.},
	language = {en},
	urldate = {2017-09-10},
	month = sep,
	year = {2017},
	annote = {Page Version ID: 799888948}
}

@book{noauthor_raspberry_nodate,
	title = {Raspberry {Pi} : {Adafruit} {Industries}, {Unique} \& fun {DIY} electronics and kits},
	url = {https://www.adafruit.com/category/105},
	urldate = {2017-09-10}
}

@book{what_is_micrcontroller,
	title = {Microcontrollers, what is a microcontroller? 8 bit, 16 bit \& 32 bit microcontrollers - {Future} {Electronics}},
	url = {https://www.futureelectronics.com/en/Microcontrollers/microcontrollers.aspx},
	urldate = {2017-09-10}
}

@book{microcontrollers,
	title = {1.1 {What} are microcontrollers and what are they used for? {\textbackslash}textbackslashtextbar {Architecture} and programming of 8051 {MCUs}},
	shorttitle = {1.1 {What} are microcontrollers and what are they used for?},
	url = {https://learn.mikroe.com/ebooks/8051programming/chapter/what-are-microcontrollers-and-what-are-they-used-for/},
	abstract = {Learn in a quick and easy way how to program 8051 microcontrollers using many practical examples we have provided for you.},
	urldate = {2017-09-10},
	author = {Verle, Milan}
}

@book{noauthor_frontpage_nodate,
	title = {{FrontPage} - {Raspbian}},
	url = {https://www.raspbian.org/},
	urldate = {2017-09-10}
}

@book{raspbian,
	title = {Raspbian: {Version} {Stretch} auf {Basis} von {Debian} 9 veröffentlicht},
	shorttitle = {Raspbian},
	url = {http://www.heise.de/newsticker/meldung/Raspbian-Version-Stretch-auf-Basis-von-Debian-9-veroeffentlicht-3807824.html},
	abstract = {Raspbian zieht nach und aktualisiert auf Debian 9 Stretch. Das neue Raspbian Stretch behebt Sicherheitslücken und hat sich vor allem im Unterbau verändert.},
	urldate = {2017-09-10},
	author = {online, heise}
}

@book{node_js_introduction,
	title = {Node.js {Introduction}},
	url = {https://www.w3schools.com/nodejs/nodejs_intro.asp},
	urldate = {2017-09-10}
}

@book{noauthor_build_nodate,
	title = {Build {Node}.js {Apps} with {VS} {Code}},
	url = {http://code.visualstudio.com/docs/nodejs/nodejs-tutorial},
	abstract = {The Visual Studio Code editor has great support for writing and debugging Node.js applications. This tutorial takes you from Hello World to a full Express web application.},
	urldate = {2017-09-10}
}

@book{node_js,
	title = {Node.js},
	copyright = {Creative Commons Attribution-ShareAlike License},
	url = {https://es.wikipedia.org/w/index.php?title=Node.js&oldid=101460092},
	abstract = {Node.js es un entorno en tiempo de ejecución multiplataforma, de código abierto, para la capa del servidor (pero no limitándose a ello) basado en el lenguaje de programación ECMAScript, asíncrono, con I/O de datos en una arquitectura orientada a eventos y basado en el motor V8 de Google. Fue creado con el enfoque de ser útil en la creación de programas de red altamente escalables, como por ejemplo, servidores web.[2]​ Fue creado por Ryan Dahl en 2009 y su evolución está apadrinada por la empresa Joyent, que además tiene contratado a Dahl en plantilla.[3]​ [4]​ Node.js es similar en su propósito a Twisted o Tornado de Python, Perl Object Environment de Perl, libevent o libev de C, EventMachine de Ruby, vibe.d de D y JEE de Java existe Apache MINA, Netty, Akka, Vert.x, Grizzly o Xsocket. Al contrario que la mayoría del código JavaScript, no se ejecuta en un navegador, sino en el servidor. Node.js implementa algunas especificaciones de CommonJS.[5]​ Node.js incluye un entorno REPL para depuración interactiva.},
	language = {es},
	urldate = {2017-09-10},
	month = aug,
	year = {2017},
	annote = {Page Version ID: 101460092}
}

@book{backend_frontend,
	title = {¿{Que} es {FrontEnd} {Y} {Backend} en la programación web? {\textbackslash}textbackslashtextbar {Ser} {Programador}.es},
	shorttitle = {¿{Que} es {FrontEnd} {Y} {Backend} en la programación web?},
	url = {https://serprogramador.es/que-es-frontend-y-backend-en-la-programacion-web/},
	abstract = {Una breve explicación de que es backend y frontend en la programación web.},
	urldate = {2017-09-10}
}

@book{backend,
	title = {Todo lo que necesitás saber sobre backend {\textbackslash}textbackslashtextbar {All} you need to know regarding {Backend}},
	url = {http://www.mmaglobal.com/news/todo-lo-que-necesitas-saber-sobre-backend-all-you-need-know-regarding-backend},
	abstract = {Como parte de su tarea de educación en marketing mobile, la MMA acerca artículos de interés sobre los temas más relevantes del área. En esta oportunidad, María Murillo, responsable de Marketing y Comunicación en Tictapps, empresa miembro de la MMA, expone sobre Backend.},
	urldate = {2017-09-10}
}

@book{humidity_system,
	title = {Medir la humedad del suelo con {Arduino} e higrómetro {FC}-28},
	url = {https://www.luisllamas.es/arduino-humedad-suelo-fc-28/},
	abstract = {¿Qué es un higrómetro FC-28? Un higrómetro de suelo FC-28 es un sensor que mide la humedad del suelo. Son ampliamente empleados en sistemas automáticos de riego para detectar cuando es necesario activar el sistema de bombeo. El FC-28 es un sensor sencillo que mide la humedad del suelo por la variación de su conductividad. ...},
	urldate = {2017-09-10}
}

@book{domone_construction_2010,
	title = {Construction {Materials}: {Their} {Nature} and {Behaviour}, {Fourth} {Edition}},
	isbn = {978-0-203-92757-1},
	shorttitle = {Construction {Materials}},
	abstract = {So far in the twenty-first century, there have been many developments in our understanding of materials’ behaviour and in their technology and use. This new edition has been expanded to cover recent developments such as the use of glass as a structural material. It also now examines the contribution that material selection makes to sustainable construction practice, considering the availability of raw materials, production, recycling and reuse, which all contribute to the life cycle assessment of structures. As well as being brought up-to-date with current usage and performance standards, each section now also contains an extra chapter on recycling. Covers the following materials: metals concrete ceramics (including bricks and masonry) polymers fibre composites bituminous materials timber glass. This new edition maintains our familiar and accessible format, starting with fundamental principles and continuing with a section on each of the major groups of materials. It gives you a clear and comprehensive perspective on the whole range of materials used in modern construction. A must have for Civil and Structural engineering students, and for students of architecture, surveying or construction on courses which require an understanding of materials.},
	language = {en},
	publisher = {CRC Press},
	author = {Domone, Peter and Illston, John},
	month = jun,
	year = {2010},
	keywords = {Technology \& Engineering / Civil / General, Technology \& Engineering / Construction / General, Technology \& Engineering / Structural},
	annote = {Google-Books-ID: cxIocVbGsSAC}
}

@book{FC_28,
	title = {Arduino {Soil} {Moisture} {Sensor}},
	url = {http://www.instructables.com/id/Soil-Moisture-Sensor/},
	abstract = {***Edit***Please use resistors when connecting the LEDs to your Arduino!This Instructable is old. I have not had the time to update any of the information. You wi...},
	urldate = {2017-09-10}
}

@book{noauthor_effects_nodate,
	title = {Effects of soil compaction and forest floor removal on soil microbial properties and {N} transformations in a boreal forest long-term soil productivity study - {ScienceDirect}},
	url = {http://www.sciencedirect.com/science/article/pii/S037811270500397X},
	urldate = {2017-09-10}
}

@book{API,
	title = {What is an {API}? {In} {English}, please. – {freeCodeCamp}},
	url = {https://medium.freecodecamp.org/what-is-an-api-in-english-please-b880a3214a82},
	urldate = {2018-06-09}
}

@book{noauthor_17_2014,
	title = {17 important case studies on {Big} {Data}},
	url = {http://bigdata-madesimple.com/17-important-case-studies-on-big-data/},
	abstract = {Are you looking for some of good case studies that highlight how large companies leverage Big Data for driving productivity? Check out these 17 case studies},
	language = {en-US},
	urldate = {2018-06-10},
	month = aug,
	year = {2014}
}

@book{bmw_driving,
	title = {Autonomous {Driving} – five steps to the self-driving car},
	url = {https://www.bmw.com/en/automotive-life/autonomous-driving.html},
	abstract = {Everyone’s talking about autonomous driving, but what does it mean? How far are we from creating a self-driving car and what is already reality?},
	language = {en},
	urldate = {2018-06-10}
}

@misc{smart_room_controller,
	title = {Smart {Room} {Temperature} {Controller} {Atmega} {\textbar} {NevonProjects}},
	url = {http://nevonprojects.com/smart-room-temperature-controller-atmega-2/, http://nevonprojects.com/smart-room-temperature-controller-atmega-2/},
	abstract = {Microcontroller based smart room temperature uses temperature sensing to coordinate cooler and heater switching in order to control room temperature automatically},
	language = {en-US},
	urldate = {2018-06-10},
	file = {Snapshot:C\:\\Users\\USHUARIO\\Zotero\\storage\\LVDEDABH\\smart-room-temperature-controller-atmega-2.html:text/html}
}

@misc{diy_blokefollow_watering_nodate,
	title = {Watering {Your} {Plants} {With} an {Attiny} {Microcontroller}},
	url = {http://www.instructables.com/id/Watering-your-plants-with-a-microcontroller/},
	abstract = {I know, there are quite a few instructables on how to automate the watering of your plants. Usually this is done around an Arduino. I decided however to use a bit of...},
	language = {en},
	urldate = {2018-06-10},
	journal = {Instructables.com},
	author = {{diy\_blokeFollow}},
	file = {Snapshot:C\:\\Users\\USHUARIO\\Zotero\\storage\\KAXNH5GU\\Watering-your-plants-with-a-microcontroller.html:text/html}
}

@article{benn_automated_2006,
	title = {An {Automated} {Metrics} {System} to {Measure} and {Improve} the {Success} of {Laboratory} {Automation} {Implementation}},
	volume = {11},
	issn = {1535-5535},
	url = {http://journals.sagepub.com/doi/abs/10.1016/j.jala.2005.09.001},
	doi = {10.1016/j.jala.2005.09.001},
	abstract = {We describe a system for collecting usage metrics from widely distributed automation systems. An application that records and stores usage data centrally, calculates run times, and charts the data was developed. Data were collected over 20 months from at least 28 workstations. The application was used to plot bar charts of date versus run time for individual workstations, the automation in a specific laboratory, or automation of a specified type. The height of one bar represented the length of one run, and its position on the x-axis indicated the date the run started. Graphs were visually inspected and few bars on the graph(s) indicated infrequent use. Quantitative data were obtained by running custom SQL queries. Analyses showed that 90\% of the automation was used frequently ({\textgreater}8 runs per week). Where usage was less, or limited to part of the day, the causes were investigated by interviewing users. We show that revised user training, redeployment of equipment, and running complimentary processes on one workstation can increase the average number of runs by up to 20-fold and run times by up to 450\%. Active monitoring of usage leads to more effective use of automation. Usage data\#could be used to determine whether purchasing particular automation was a good investment. (JALA 2006; 11: 16-22)},
	language = {en},
	number = {1},
	urldate = {2018-06-10},
	journal = {JALA: Journal of the Association for Laboratory Automation},
	author = {Benn, Neil and Turlais, Fabrice and Clark, Victoria and Jones, Mike and Clulow, Stephen},
	month = feb,
	year = {2006},
	pages = {16--22},
	file = {SAGE PDF Full Text:C\:\\Users\\USHUARIO\\Zotero\\storage\\XFDT4MBU\\Benn et al. - 2006 - An Automated Metrics System to Measure and Improve.pdf:application/pdf}
}

@misc{secado_ideal,
	title = {procesosbio - {Secado}},
	url = {http://procesosbio.wikispaces.com/Secado},
	urldate = {2018-07-14}
}

@misc{waterfall,
	title = {Metodologías del {Diseño} de {Sistemas}: {Modelo} en {Cascada}},
	shorttitle = {Metodologías del {Diseño} de {Sistemas}},
	url = {http://dsingsistemasunefa.blogspot.com/2015/10/modelo-en-cascada.html},
	urldate = {2018-07-14},
	journal = {Metodologías del Diseño de Sistemas},
	author = {Picon, Elieth},
	month = oct,
	year = {2015},
	file = {Blogspot Snapshot:/home/ismael/Zotero/storage/35JG2WCL/modelo-en-cascada.html:text/html}
}

@misc{spiral,
	title = {What is {Spiral} {Model} in {SDLC}? {\textbar}{Professionalqa}.com},
	url = {http://www.professionalqa.com/spiral-model},
	urldate = {2018-07-14},
	file = {What is Spiral Model in SDLC? |Professionalqa.com:/home/ismael/Zotero/storage/NEWSPJAJ/spiral-model.html:text/html}
}

@misc{vmodel,
	title = {V-{Model} (software development)},
	copyright = {Creative Commons Attribution-ShareAlike License},
	url = {https://en.wikipedia.org/w/index.php?title=V-Model_(software_development)&oldid=842273850},
	abstract = {In software development, the V-model represents a development process that may be considered an extension of the waterfall model, and is an example of the more general V-model. Instead of moving down in a linear way, the process steps are bent upwards after the coding phase, to form the typical V shape. The V-Model demonstrates the relationships between each phase of the development life cycle and its associated phase of testing. The horizontal and vertical axes represents time or project completeness (left-to-right) and level of abstraction (coarsest-grain abstraction uppermost), respectively.},
	language = {en},
	urldate = {2018-07-14},
	journal = {Wikipedia},
	month = may,
	year = {2018},
	note = {Page Version ID: 842273850},
	file = {Snapshot:/home/ismael/Zotero/storage/8I3VMGNV/index.html:text/html}
}

@misc{scrum,
	title = {Nexus: {Introducción} al framework de escalado de {Scrum}.},
	shorttitle = {Nexus},
	url = {http://benjagarrido.com/nexus-framework-escalado-scrum/},
	abstract = {Qué es Nexus Nexus según lo define su guía oficial es al igual que Scrum, un framework, con la diferencia de que está orientado al desarrollo y soporte de productos escalables y desarrollo software. El componente principal de este framework como no cabría esperar de otra manera es Scrum y también ha sido desarrollado por Ken Schwaber y la comunidad de Scrum.org. A quién está orientado Nexus está enfocado a integrar el trabajo de entre 3 y 9 equipos Scrum que trabajen sobre un mismo Product Backlog, siendo su principal finalidad la integración del trabajo de estos equipos al final de cada Sprint. En qué consiste Roles: se introduce un nuevo rol, el Equipo de Integración Nexus, que se encarga de coordinar, entrenar y supervisar la aplicación de Nexus y que está formado (al igual que Scrum) por un Product Owner, un Scrum Master y los Nexus Integration Team Members. Este equipo será el responsable principal de que se produzca un Incremento Integrado al final de cada Sprint. Artefactos: todos los equipos Scrum utilizarán el mismo Product Backlog y se incorporará un nuevo artefacto, el Nexus Sprint Backlog a fin de que exista la mayor transparencia posible durante cada Sprint. …},
	language = {es-ES},
	urldate = {2018-07-14},
	journal = {benjaGarrido},
	author = {{benjaGarrido}},
	month = jul,
	year = {2017},
	file = {Snapshot:/home/ismael/Zotero/storage/LJIADAEV/nexus-framework-escalado-scrum.html:text/html}
}