
@online{_metodos_2014,
	title = {Métodos para compactación de suelos},
	url = {http://ingenieriareal.com/metodos-para-compactacion-de-suelos/},
	abstract = {La compactación se logra utilizando una maquina pesada, cuyo peso comprime las partículas del suelo, sin necesidad de movimiento vibratorio. Rodillo estático.},
	titleaddon = {Ingeniería Real},
	urldate = {2017-09-10},
	date = {2014-07-30},
	file = {Snapshot:C\:\\Users\\USHUARIO\\Zotero\\storage\\DUJNU65G\\metodos-para-compactacion-de-suelos.html:text/html}
}

@unpublished{ofinalca/santa_teresa_del_tuy_compactacion_????,
	title = {{COMPACTACION} {DE} {SUELOS}},
	url = {https://es.slideshare.net/wlopezalmarza/compactacion-de-suelos},
	type = {Educación},
	howpublished = {Educación},
	author = {Ofinalca/Santa Teresa del Tuy},
	urldate = {2017-09-10}
}

@online{_atlas_????,
	title = {Atlas de Petrología Sedimentaria - Rocas carbonáticas - Diagénesis - Compactación},
	url = {https://pendientedemigracion.ucm.es/info/petrosed/rc/dia/ejemplos_co.html},
	urldate = {2017-09-10},
	file = {Atlas de Petrología Sedimentaria - Rocas carbonáticas - Diagénesis - Compactación:C\:\\Users\\USHUARIO\\Zotero\\storage\\WCTZCGXG\\ejemplos_co.html:text/html}
}