
@article {TesisDiego1,
author = {Drude, P.},
title = {Zur Elektronentheorie der Metalle},
journal = {Annalen der Physik},
volume = {306},
number = {3},
publisher = {WILEY-VCH Verlag},
issn = {1521-3889},
url = {http://dx.doi.org/10.1002/andp.19003060312},
doi = {10.1002/andp.19003060312},
pages = {566--613},
year = {1900},
}
@phdthesis{tesisDiego,
    author     =     {Diego Martínez Solís},
    title     =     {Advanced Methods on Computational
Electromagnetics and their Application to the Study of
Plasmonics and Metamaterials},
    school     =     {Universidade de Vigo},
    address     =     {Spain},
    year     =     {2014}
}

@article {Giannini12,
author = {Mie, Gustav},
title = {Beiträge zur Optik trüber Medien, speziell kolloidaler Metallösungen},
journal = {Annalen der Physik},
volume = {330},
number = {3},
publisher = {WILEY-VCH Verlag},
issn = {1521-3889},
url = {http://dx.doi.org/10.1002/andp.19083300302},
doi = {10.1002/andp.19083300302},
pages = {377--445},
year = {1908},
}
@article {Giannini13,
author = {Gans, R.},
title = {Über die Form ultramikroskopischer Goldteilchen},
journal = {Annalen der Physik},
volume = {342},
number = {5},
publisher = {WILEY-VCH Verlag},
issn = {1521-3889},
url = {http://dx.doi.org/10.1002/andp.19123420503},
doi = {10.1002/andp.19123420503},
pages = {881--900},
year = {1912},
}

@book{Giannini57,
  title={Absorption and scattering of light by small particles},
  author={Craig F. Bohren and Huffman, D.R.},
  isbn={9780471293408},
  lccn={lc82020312},
  series={Wiley science paperback series},
  url={https://books.google.es/books?id=S1RCZ8BjgN0C},
  year={1983},
  publisher={Wiley}
}

@article{Giannini62,
  title = {Optical Constants of the Noble Metals},
  author = {Johnson, P. B. and Christy, R. W.},
  journal = {Phys. Rev. B},
  volume = {6},
  issue = {12},
  pages = {4370--4379},
  numpages = {0},
  year = {1972},
  month = {Dec},
  publisher = {American Physical Society},
  doi = {10.1103/PhysRevB.6.4370},
  url = {http://link.aps.org/doi/10.1103/PhysRevB.6.4370}
}
@Book{Giannini63,
     author = "Born, M and Wolf, E",
     title  = "Principles of Optics",
     publisher = "Cambridge University Press",
     year = 1999,
     edition = 7}
@misc{Giannini80,
  title = {Plasma Losses by Fast Electrons in Thin Films},
  author = {Ritchie, R. H.},
  journal = {Phys. Rev.},
  volume = {106},
  issue = {5},
  pages = {874-881},
  numpages = {0},
  year = {2003},
  month = {Jun},
  publisher = {American Physical Society},
  doi = {10.1103/PhysRev.106.874},
  url = {http://link.aps.org/doi/10.1103/PhysRev.106.874}
}


@book{Giannini81,
  title={Surface plasmons on smooth and rough surfaces and on gratings},
  author={Raether, H.},
  number={v. 111},
  isbn={9783540173632},
  lccn={86031514},
  series={Springer tracts in modern physics},
  url={https://books.google.es/books?id=ZLwrAAAAYAAJ},
  year={1988},
  publisher={Springer}
}

@Article{Giannini82,
author={Barnes, William L.
and Dereux, Alain
and Ebbesen, Thomas W.},
title={Surface plasmon subwavelength optics},
journal={Nature},
year={2003},
month={Aug},
day={14},
volume={424},
number={6950},
pages={824-830},
issn={0028-0836},
doi={10.1038/nature01937},
url={http://dx.doi.org/10.1038/nature01937}
}
@article{Giannini83,
title = "Nano-optics of surface plasmon polaritons ",
journal = "Physics Reports ",
volume = "408",
number = "3–4",
pages = "131 - 314",
year = "2005",
note = "",
issn = "0370-1573",
doi = "http://dx.doi.org/10.1016/j.physrep.2004.11.001",
url = "http://www.sciencedirect.com/science/article/pii/S0370157304004600",
author = "Anatoly V. Zayats and Igor I. Smolyaninov and Alexei A. Maradudin",
keywords = "Surface plasmon polaritons",
keywords = "Scanning near-field optical microscopy",
keywords = "Nano-optics "
}


@article {Giannini84,
	author = {Ozbay, Ekmel},
	title = {Plasmonics: Merging Photonics and Electronics at Nanoscale Dimensions},
	volume = {311},
	number = {5758},
	pages = {189--193},
	year = {2006},
	doi = {10.1126/science.1114849},
	publisher = {American Association for the Advancement of Science},
	issn = {0036-8075},
	URL = {http://science.sciencemag.org/content/311/5758/189},
	eprint = {http://science.sciencemag.org/content/311/5758/189.full.pdf},
	journal = {Science}
}
@ARTICLE{Giannini85, 
author={S. A. Maier}, 
journal={IEEE Journal of Selected Topics in Quantum Electronics}, 
title={Plasmonics: Metal Nanostructures for Subwavelength Photonic Devices}, 
year={2006}, 
volume={12}, 
number={6}, 
pages={1214-1220}, 
keywords={MIM structures;micro-optics;microcavities;nanoparticles;nanotechnology;optical waveguides;surface plasmons;1.5 mum;dielectric microcavities;metal nanostructures;metal/insulator/metal-gap waveguides;metallic nanocavities;nanoresonators;polariton;subwavelength photonic devices;surface plasmon;Dielectrics;Electromagnetic waveguides;Metal-insulator structures;Nanostructures;Optical attenuators;Optical surface waves;Optical waveguide components;Optical waveguides;Plasmons;Waveguide discontinuities;Nanophotonics;optoelectronics;plasmonics}, 
doi={10.1109/JSTQE.2006.879582}, 
ISSN={1077-260X}, 
month={Nov},}
@book{Giannini87,
  title={Plasmonics: fundamentals and applications},
  author={Maier, Stefan Alexander},
  year={2007},
  doi={10.1007/0-387-37825-1},
  publisher={Springer Science \& Business Media}
}

@ARTICLE{Giannini88, 
author={Kane Yee}, 
journal={IEEE Transactions on Antennas and Propagation}, 
title={Numerical solution of initial boundary value problems involving maxwell's equations in isotropic media}, 
year={1966}, 
volume={14}, 
number={3}, 
pages={302-307},  
doi={10.1109/TAP.1966.1138693}, 
ISSN={0018-926X}, 
month={May}
}

@ARTICLE{Giannini89, 
author={Taflove, A.}, 
journal={IEEE Trans. Antennas Propag.}, 
title={Numerical solution of initial boundary value problems involving maxwell's equations in isotropic media}, 
year={1980}, 
volume={}, 
number={}, 
pages={},  
doi={}, 
ISSN={}, 
month={}
}
@ARTICLE{Giannini90, 
author={Taflove, A.;Hagness,S}, 
journal={IEEE Trans. Antennas Propag.}, 
title={Computational Electrodynamics:
The Finite-Difference Time-Domain Method}, 
year={2005}, 
volume={}, 
number={}, 
pages={},  
doi={}, 
ISSN={}, 
month={}
}
@ARTICLE{Giannini91, 
author={Purcell, E. M.and Pennypacker,C.R}, 
journal={Astrophys. J}, 
title={Scattering and Absorption of Light by Nonspherical Dielectric Grain}, 
year={1973}, 
volume={186}, 
number={}, 
pages={705-714},  
doi={10.1086/152538}, 
ISSN={}, 
month={Diciembre}
}
@article{Giannini92, 
author = {Bruce T. Draine and Piotr J. Flatau}, 
journal = {J. Opt. Soc. Am. A}, 
keywords = {},
number = {4}, 
pages = {1491--1499}, 
publisher = {OSA},
title = {Discrete-Dipole Approximation For Scattering Calculations}, 
volume = {11}, 
month = {Apr},
year = {1994},
url = {http://josaa.osa.org/abstract.cfm?URI=josaa-11-4-1491},
doi = {10.1364/JOSAA.11.001491},
}
@article{Giannini93,
  author={J P Kottmann and O J F Martin  and David R Smith  and Sheldon Schultz},
  title={Field polarization and polarization charge distributions in plasmon resonant nanoparticles},
  journal={New Journal of Physics},
  volume={2},
  number={1},
  pages={27},
  url={http://stacks.iop.org/1367-2630/2/i=1/a=327},
  year={2000},
}
}
	

@article{Giannini94,
title = "Substrate effects on surface plasmons in single nanoholes ",
journal = "Chemical Physics Letters ",
volume = "435",
number = "1–3",
pages = "123 - 126",
year = "2007",
note = "",
issn = "0009-2614",
doi = "http://dx.doi.org/10.1016/j.cplett.2006.12.062",
url = "http://www.sciencedirect.com/science/article/pii/S0009261406018732",
author = "Kevin L. Shuford and Stephen K. Gray and Mark A. Ratner and George C. Schatz",
}
@article{Giannini95,
  title = {Surface plasmon resonances of single and coupled metallic nanoparticles: A boundary integral method approach},
  author = {Hohenester, Ulrich and Krenn, Joachim},
  journal = {Phys. Rev. B},
  volume = {72},
  issue = {19},
  pages = {195429},
  numpages = {9},
  year = {2005},
  month = {Nov},
  publisher = {American Physical Society},
  doi = {10.1103/PhysRevB.72.195429},
  url = {http://link.aps.org/doi/10.1103/PhysRevB.72.195429}
}




@article{Giannini96,
  title = {Point-dipole approximation for surface plasmon polariton scattering: Implications and limitations},
  author = {Evlyukhin, A. B. and Bozhevolnyi, S. I.},
  journal = {Phys. Rev. B},
  volume = {71},
  issue = {13},
  pages = {134304},
  numpages = {9},
  year = {2005},
  month = {Apr},
  publisher = {American Physical Society},
  doi = {10.1103/PhysRevB.71.134304},
  url = {http://link.aps.org/doi/10.1103/PhysRevB.71.134304}
}
@article{Giannini97,
  title = {Optical properties of coupled metallic nanorods for field-enhanced spectroscopy},
  author = {Aizpurua, J. and Bryant, Garnett W. and Richter, Lee J. and Garc\'{\i}a de Abajo, F. J. and Kelley, Brian K. and Mallouk, T.},
  journal = {Phys. Rev. B},
  volume = {71},
  issue = {23},
  pages = {235420},
  numpages = {13},
  year = {2005},
  month = {Jun},
  publisher = {American Physical Society},
  doi = {10.1103/PhysRevB.71.235420},
  url = {http://link.aps.org/doi/10.1103/PhysRevB.71.235420}
}
@article{Giannini98, 
author = {Vincenzo Giannini and Jose A. S\'{a}nchez-Gil}, 
journal = {J. Opt. Soc. Am. A}, 
keywords = {Surface plasmons; Scattering, particles},
number = {9}, 
pages = {2822--2830}, 
publisher = {OSA},
title = {Calculations of light scattering from isolated and interacting metallic nanowires of arbitrary cross section by means of Green's theorem surface integral equations in parametric form}, 
volume = {24}, 
month = {Sep},
year = {2007},
url = {http://josaa.osa.org/abstract.cfm?URI=josaa-24-9-2822},
doi = {10.1364/JOSAA.24.002822},
}
@Article{Giannini99,
author ="Myroshnychenko, Viktor and Rodriguez-Fernandez, Jessica and Pastoriza-Santos, Isabel and Funston, Alison M. and Novo, Carolina and Mulvaney, Paul and Liz-Marzan, Luis M. and Garcia de Abajo, F. Javier",
title  ="Modelling the optical response of gold nanoparticles",
journal  ="Chem. Soc. Rev.",
year  ="2008",
volume  ="37",
issue  ="9",
pages  ="",
publisher  ="The Royal Society of Chemistry",
doi  ="10.1039/B711486A",
url  ="http://dx.doi.org/10.1039/B711486A",
}
@article{TaboACS,
author = {Diego M. Solís and José M. Taboada and Fernando Obelleiro and Luis M. Liz-Marzán and F. Javier García de Abajo},
title = {Toward Ultimate Nanoplasmonics Modeling},
journal = {ACS Nano},
volume = {8},
number = {8},
pages = {7559-7570},
year = {2014},
doi = {10.1021/nn5037703},
    note ={PMID: 25077678},

URL = { 
        http://dx.doi.org/10.1021/nn5037703
    
},
eprint = { 
        http://dx.doi.org/10.1021/nn5037703
    
}

}
@article {Sebastian,
author = {Schlücker, Sebastian},
title = {Surface-Enhanced Raman Spectroscopy: Concepts and Chemical Applications},
journal = {Angewandte Chemie International Edition},
volume = {53},
number = {19},
publisher = {WILEY-VCH Verlag},
issn = {1521-3773},
url = {http://dx.doi.org/10.1002/anie.201205748},
doi = {10.1002/anie.201205748},
pages = {4756--4795},
keywords = {plasmonics, Raman spectroscopy, SERS, spectroscopic methods, surfaces},
year = {2014},
}
@article {Sebastian9,
author = {Moskovits, Martin},
title = {Surface-enhanced Raman spectroscopy: a brief retrospective},
journal = {Journal of Raman Spectroscopy},
volume = {36},
number = {6-7},
publisher = {John Wiley & Sons, Ltd.},
issn = {1097-4555},
url = {http://dx.doi.org/10.1002/jrs.1362},
doi = {10.1002/jrs.1362},
pages = {485--496},
keywords = {surface-enhanced Raman, nanostructured metal, SERS, surface spectroscopy},
year = {2005},
}
  
@book{Sebastian13,
  title={Principles of Surface-Enhanced Raman Spectroscopy: And Related Plasmonic Effects},
  author={Ru, E.C.L. and Etchegoin, P.G.},
  isbn={9780444527790},
  lccn={2012360889},
  url={https://books.google.es/books?id=r-wdlQEACAAJ},
  year={2009},
  publisher={Elsevier Science \& Technology Books}
}
  
  
@Article{Sebastian21,
author ="Smith, W. E.",
title  ="Practical understanding and use of surface enhanced Raman scattering/surface enhanced resonance Raman scattering in chemical and biological analysis",
journal  ="Chem. Soc. Rev.",
year  ="2008",
volume  ="37",
issue  ="5",
pages  ="955-964",
publisher  ="The Royal Society of Chemistry",
doi  ="10.1039/B708841H",
url  ="http://dx.doi.org/10.1039/B708841H"
}
@Article{Sebastian22,
author ="Bell, Steven E. J. and Sirimuthu, Narayana M. S.",
title  ="Quantitative surface-enhanced Raman spectroscopy",
journal  ="Chem. Soc. Rev.",
year  ="2008",
volume  ="37",
issue  ="5",
pages  ="1012-1024",
publisher  ="The Royal Society of Chemistry",
doi  ="10.1039/B705965P",
url  ="http://dx.doi.org/10.1039/B705965P",
}

@article{Sebastian24,
author = {Katherine A. Willets and Richard P. Van Duyne},
title = {Localized Surface Plasmon Resonance Spectroscopy and Sensing},
journal = {Annual Review of Physical Chemistry},
volume = {58},
number = {1},
pages = {267-297},
year = {2007},
doi = {10.1146/annurev.physchem.58.032806.104607},
note ={PMID: 17067281},
URL = {http://dx.doi.org/10.1146/annurev.physchem.58.032806.104607},
eprint = {http://dx.doi.org/10.1146/annurev.physchem.58.032806.104607},
}
@Article{Huh,
author={Huh, Yun Suk
 Chung and Aram J.
 Erickson, David"},
title={Surface enhanced Raman spectroscopy and its application to molecular and cellular analysis},
journal={Microfluidics and Nanofluidics},
year={2009},
volume={6},
number={3},
pages={285-297},
issn={1613-4990},
doi={10.1007/s10404-008-0392-3},
url={http://dx.doi.org/10.1007/s10404-008-0392-3}
}
@book{HARRINGTON,
 author = {Harrington, Roger F.},
 title = {Field Computation by Moment Methods},
 year = {1993},
 isbn = {0780310144},
 publisher = {Wiley-IEEE Press}
}
 @phdthesis{Rivero,
    author     =     {Francisco Javier Rivero},
    title     =     {Electromagnétismo Computacional Avanzado para Materiales Artificiales y Nanoestructuras Plasmónicas},
    school     =     {Universidad de Extremadura},
    address     =     {Spain},
    year     =     {2012}
    }
 @phdthesis{Serna,
    author     =     {Alberto Serna Martín},
    title     =     {Diseño de Pociones de Invisibilidad
Mediante Supercomputación},
    school     =     {Universidad de Extremadura},
    address     =     {Spain},
    year     =     {2013}
    }
    @phdthesis{Serna13,
    author     =     {José Manuel Taboada},
    title     =     {Estudio de Compatibilidad Electromagnética e Interferencias en Sistemas Radiantes a Bordo de Estructuras Complejas},
    school     =     {Universidade de Vigo},
    address     =     {Spain},
    year     =     {2001}
}
 @phdthesis{Serna15,
    author     =     {Francisco Javier Rivero},
    title     =     {Electromagnétismo Computacional Avanzado para Materiales Artificiales y Nanoestructuras Plasmónicas},
    school     =     {Universidad de Extremadura},
    address     =     {Spain},
    year     =     {2012}
    }
@article{Serna16, 
author = {J. Rivero and J. M. Taboada and L. Landesa and F. Obelleiro and I. García-Tuñón}, 
journal = {Opt. Express}, 
keywords = {Electromagnetic optics ; Left-handed materials ; Metamaterials},
number = {15}, 
pages = {15876--15886}, 
publisher = {OSA},
title = {Surface integral equation formulation for the analysis of left-handed metamaterials}, 
volume = {18}, 
month = {Jul},
year = {2010},
url = {http://www.opticsexpress.org/abstract.cfm?URI=oe-18-15-15876},
doi = {10.1364/OE.18.015876},
}
@article{Serna17, 
author = {M. G. Araújo and J. M. Taboada and D. M. Sol\'{i}s and J. Rivero and L. Landesa and F. Obelleiro}, 
journal = {Opt. Express}, 
keywords = {Surface plasmons; Electromagnetic optics ; Metal optics ; Extinction},
number = {8}, 
pages = {9161--9171}, 
publisher = {OSA},
title = {Comparison of surface integral equation formulations for electromagnetic analysis of plasmonic nanoscatterers}, 
volume = {20}, 
month = {Apr},
year = {2012},
url = {http://www.opticsexpress.org/abstract.cfm?URI=oe-20-8-9161},
doi = {10.1364/OE.20.009161},
}
@article{Serna18, 
author = {José M. Taboada and Javier Rivero and Fernando Obelleiro and Marta G. Araújo and Luis Landesa}, 
journal = {J. Opt. Soc. Am. A}, 
keywords = {Surface plasmons; Electromagnetic optics ; Metal optics ; Nanophotonics and photonic crystals},
number = {7}, 
pages = {1341--1348}, 
publisher = {OSA},
title = {Method-of-moments formulation for the analysis of plasmonic nano-optical antennas}, 
volume = {28}, 
month = {Jul},
year = {2011},
url = {http://josaa.osa.org/abstract.cfm?URI=josaa-28-7-1341},
doi = {10.1364/JOSAA.28.001341},
}
@article{Serna19, 
author = {M. G. Ara\'{u}jo and J. M. Taboada and D. M. Sol\'{i}s and J. Rivero and L. Landesa and F. Obelleiro}, 
journal = {Opt. Express}, 
keywords = {Surface plasmons; Electromagnetic optics ; Metal optics ; Extinction},
number = {8}, 
pages = {9161--9171}, 
publisher = {OSA},
title = {Comparison of surface integral equation formulations for electromagnetic analysis of plasmonic nanoscatterers}, 
volume = {20}, 
month = {Apr},
year = {2012},
url = {http://www.opticsexpress.org/abstract.cfm?URI=oe-20-8-9161},
doi = {10.1364/OE.20.009161},
}
@article{Serna20, 
author = {M. G. Ara\'{u}jo and J. M. Taboada and J. Rivero and D. M. Sol\'{i}s and F. Obelleiro}, 
journal = {Opt. Lett.}, 
keywords = {Numerical approximation and analysis; Electromagnetic optics ; Metal optics ; Extinction},
number = {3}, 
pages = {416--418}, 
publisher = {OSA},
title = {Solution of large-scale plasmonic problems with the multilevel fast multipole algorithm}, 
volume = {37}, 
month = {Feb},
year = {2012},
url = {http://ol.osa.org/abstract.cfm?URI=ol-37-3-416},
doi = {10.1364/OL.37.000416},
}
@article{Serna21, 
author = {Luis Landesa and Marta G\'{o}mez Ara\'{u}jo and Jos\'{e} Manuel Taboada and Luis Bote and Fernando Obelleiro}, 
journal = {Opt. Express}, 
keywords = {Numerical approximation and analysis; Electro-optical materials; Electromagnetic optics},
number = {15}, 
pages = {17237--17249}, 
publisher = {OSA},
title = {Improving condition number and convergence of the surface integral-equation method of moments for penetrable bodies}, 
volume = {20}, 
month = {Jul},
year = {2012},
url = {http://www.opticsexpress.org/abstract.cfm?URI=oe-20-15-17237},
doi = {10.1364/OE.20.017237},
}
@article{Serna22,
  title={Surface Integral Equation methods in nanophotonics},
  author={Landesa, L and Taboada, JM and Sol{\'\i}s, DM and Rivero, J and Bote, L and Ara{\'u}jo, MG and Obelleiro, F},
  journal={URSIEMTS Invited paper},
  year={2013}
}
@ARTICLE{Serna23, 
author={M. S. Chen and X. L. Wu and W. Sha and Z. X. Huang}, 
journal={IET Microwaves, Antennas Propagation}, 
title={Fast and accurate radar cross-section computation over a broad frequency band using the best uniform rational approximation}, 
year={2008}, 
volume={2}, 
number={2}, 
pages={200-204}, 
keywords={Chebyshev approximation;integral equations;method of moments;radar cross-sections;rational functions;Chebyshev node;Maehly approximation;arbitrarily shaped three-dimensional body;best uniform rational approximation function;broad frequency band;method of moments;radar cross-section computation;surface integral equation}, 
doi={10.1049/iet-map:20070155}, 
ISSN={1751-8725}, 
month={March},
}
@inproceedings{slot,
author={A. Serna and M.F. Manzano and L. Landesa and D.M. Solis and J.M. Taboada},
title={Electromagnetic Analysis of Periodic Structures with slotFFT Algorithm},
journal={},
year={2016},
organization={European Conference on Antennas and Propagation},
}

%@article{Sernaslot,
 %title={Electromagnetic Analysis of Periodic Structures
%with slotFFT Algorithm},
 % author={A. Serna and M.F. Manzano and L. Landesa and D.M. Solis and J.M. Taboada},
  %journal={European Conference on Antennas and Propagation},
  %year={2016}
%}


@article {MLFMA8,
author = {García-Tuñón, I. and Taboada, J. M. and Rodríguez, J. L. and Obelleiro, F. and Landesa, L.},
title = {Efficient asymptotic-phase modeling of the induced currents in the fast multipole method},
journal = {Microwave and Optical Technology Letters},
volume = {48},
number = {8},
publisher = {Wiley Subscription Services, Inc., A Wiley Company},
issn = {1098-2760},
url = {http://dx.doi.org/10.1002/mop.21698},
doi = {10.1002/mop.21698},
pages = {},
keywords = {fast multipole method, method of moments, asymptotic methods, numerical techniques, phasefront extraction},
year = {2006},
}
@ARTICLE{MLFMA9, 
author={J. L. Rodriguez and J. M. Taboada and M. G. Araujo and F. Obelleiro Basteiro and L. Landesa and I. Garcia-Tunon}, 
journal={IEEE Transactions on Antennas and Propagation}, 
title={On the Use of the Singular Value Decomposition in the Fast Multipole Method}, 
year={2008}, 
volume={56}, 
number={8}, 
pages={2325-2334}, 
keywords={electromagnetic waves;matrix algebra;singular value decomposition;fast multipole method;matrix compression;orthonormal singular basis functions;plane wave FMM aggregation matrices;singular value decomposition;Electromagnetic analysis;Electromagnetic compatibility;Electromagnetic radiation;Electromagnetic scattering;Equations;Frequency;Matrix decomposition;Radar cross section;Radar scattering;Singular value decomposition;Electromagnetic scattering;fast solvers;method of momoents (MoM);radar cross section (RCS);singular value decomposition (SVD)}, 
doi={10.1109/TAP.2008.926761}, 
ISSN={0018-926X}, 
month={Aug},}

@Article{MLFMA10,
author="Mouri{\~{n}}o, J. C.
and G{\'o}mez, A.
and Taboada, J. M.
and Landesa, L.
and B{\'e}rtolo, J. M.
and Obelleiro, F.
and Rodr{\'i}guez, J. L.",
title="High scalability multipole method. Solving half billion of unknowns  ",
journal="Computer Science - Research and Development",
year="2009",
volume="23",
number="3",
pages="169--175",
abstract="Large electromagnetic simulations are needed for improvement of design in industry. Up to now, the  previous limits in the scalability of the available codes were an important barrier. In this work, an efficient  parallel implementation of the fast multipole method (FMM) combined with the fast Fourier transform (FFT)  is presented. The good scalability of the parallel FMM-FFT, combined with some performance improvements,  has shown to be very effective when using large parallel high performance supercomputers. A challenging  problem with more than 0.5 billion unknowns has been solved in the Finis Terrae Supercomputer recently.  This is the largest problem analyzed in computational electromagnetics to date, which confirms that the  proposed implementation of the FMM-FFT constitutes a very interesting alternative to the more frequently  used multilevel FMM algorithm (MLFMA). ",
issn="1865-2042",
doi="10.1007/s00450-009-0075-7",
url="http://dx.doi.org/10.1007/s00450-009-0075-7"
}
@Article{MLFMA12,
author={J. M. Taboada and M. G. Araújo and J. M. Bertolo and L. Landesa and F. O. J. L.
Rodríguez.},
title="Mlfma-fft parallel algorithm for the solution of large-scale problems
in electromagnetic",
year="2010",
volume="105",
number="",
pages="15-30",
doi="",
url=""
}
@misc{Hemcuve1,
  title = {Hemcuve++},
  author = {L. Landesa and J. M. Taboada,},
  year = {2007},
}

@misc{Hemcuve2,
  title = {Hemcuve++},
  author = {G. S. de la Universidade de Vigo},
  year = {2010},
}

%@inproceedings{Sernaslot,
%author={A. Serna and M.F. Manzano and L. Landesa and D.M. Solis and J.M. Taboada},
%title={Electromagnetic Analysis of Periodic Structures with slotFFT Algorithm},
%journal={},
%year={2016},
%organization={European Conference on Antennas and Propagation}
%}



